<record><leader>00000cas a22000007a 4500</leader><controlfield tag="001">20809889</controlfield><controlfield tag="008">891221d19011973nhuwr ne      0    0eng d</controlfield><datafield ind1=" " ind2=" " tag="010"><subfield code="a">sn 89068015 </subfield></datafield><datafield ind1=" " ind2=" " tag="040"><subfield code="a">NVH</subfield><subfield code="b">eng</subfield><subfield code="c">NVH</subfield><subfield code="d">OCLCQ</subfield></datafield><datafield ind1=" " ind2=" " tag="042"><subfield code="a">msc</subfield></datafield><datafield ind1="0" ind2="4" tag="245"><subfield code="a">The Ashland citizen.</subfield></datafield><datafield ind1=" " ind2=" " tag="260"><subfield code="a">Plymouth, N.H. :</subfield><subfield code="b">H.F. Elkins</subfield></datafield><datafield ind1=" " ind2=" " tag="300"><subfield code="a">v.</subfield></datafield><datafield ind1=" " ind2=" " tag="310"><subfield code="a">Weekly</subfield></datafield><datafield ind1="0" ind2=" " tag="362"><subfield code="a">Vol. 21, no. 5 (May 11, 1901)-</subfield></datafield><datafield ind1="1" ind2=" " tag="362"><subfield code="a">Ceased in 1973.</subfield></datafield><datafield ind1=" " ind2=" " tag="752"><subfield code="a">United States</subfield><subfield code="b">New Hampshire</subfield><subfield code="c">Grafton</subfield><subfield code="d">Plymouth.</subfield></datafield><datafield ind1="0" ind2="0" tag="780"><subfield code="t">Ashland item</subfield><subfield code="w">(DLC)sn 89068014</subfield></datafield><datafield ind1="0" ind2="7" tag="785"><subfield code="t">Plymouth record</subfield><subfield code="w">(DLC)sn 84027733</subfield></datafield><datafield ind1="0" ind2="7" tag="785"><subfield code="t">Record citizen</subfield><subfield code="w">(DLC)sn 90062316</subfield></datafield></record>